
% ========================================
%  Computational
% ========================================
@misc{Mulligan1991,
  title={A note on the time-elimination method for solving recursive dynamic economic models},
  author={Mulligan, Casey B and Sala-i-Martin, Xavier},
  year={1991},
  publisher={National Bureau of Economic Research Cambridge, Mass., USA}
}

@article{BrunnerStrulik2002,
  title={Solution of perfect foresight saddlepoint problems: a simple method and applications},
  author={Brunner, Martin and Strulik, Holger},
  journal={Journal of Economic Dynamics and Control},
  volume={26},
  number={5},
  pages={737--753},
  year={2002},
  publisher={Elsevier}
}

@inproceedings{Martinezetal2018,
  title={Automation, growth and factor shares},
  author={Martinez, Joseba and others},
  booktitle={2018 Meeting Papers},
  volume={736},
  year={2018},
  organization={Society for Economic Dynamics}
}

% ========================================
%  Automation Empirical
% ========================================

@article{Beardetal2022,
  title={Crosswalks to Convert US Census Bureau Industry and Occupation Codes, 1980--2018},
  author={Beard, John D and Verdeja, Marco A and Bonsrah, Dick A and Westfall, Susan D and Steege, Andrea L and Schubauer-Berigan, Mary K},
  journal={Epidemiology},
  volume={33},
  number={2},
  pages={e8--e9},
  year={2022},
  publisher={LWW}
}

@article{Restrepo2015,
  title={Skill mismatch and structural unemployment},
  author={Restrepo, Pascual},
  journal={Massachusetts Institute of Technology Job Market Paper},
  pages={1--94},
  year={2015}
}



@article{Lankischetal2019,
  title={How can robots affect wage inequality?},
  author={Lankisch, Clemens and Prettner, Klaus and Prskawetz, Alexia},
  journal={Economic Modelling},
  volume={81},
  pages={161--169},
  year={2019},
  publisher={Elsevier}
}

@article{Aghionetal2021,
  title={The Direct and Indirect Effects of Automation on Employment: A Survey of the Recent Literature},
  author={Aghion, Philippe and Antonin, C{\'e}line and Bunel, Simon and Jaravel, Xavier},
  journal={Unpublished manuscript},
  year={2021}
}

@techreport{AutorSalomons2018,
  title={Is automation labor-displacing? Productivity growth, employment, and the labor share},
  author={Autor, David and Salomons, Anna},
  year={2018},
  institution={National Bureau of Economic Research}
}

@article{Webb2019,
  title={The impact of artificial intelligence on the labor market},
  author={Webb, Michael},
  journal={Available at SSRN 3482150},
  year={2019}
}

@article{Feltenetal2021,
  title={Occupational, industry, and geographic exposure to artificial intelligence: A novel dataset and its potential uses},
  author={Felten, Edward and Raj, Manav and Seamans, Robert},
  journal={Strategic Management Journal},
  volume={42},
  number={12},
  pages={2195--2217},
  year={2021},
  publisher={Wiley Online Library}
}

@techreport{Dinlersozetal2018,
  title={Automation, labor share, and productivity: Plant-level evidence from US Manufacturing},
  author={Dinlersoz, Emin and Wolf, Zoltan and others},
  year={2018}
}


% ========================================
%  Automation Theoretical 
% ========================================

@techreport{Molletal2021,
  title={Uneven growth: automation's impact on income and wealth inequality},
  author={Moll, Benjamin and Rachel, Lukasz and Restrepo, Pascual},
  year={2021},
  institution={National Bureau of Economic Research}
}


@article{AcemogluRestrepo2018,
  title={The race between man and machine: Implications of technology for growth, factor shares, and employment},
  author={Acemoglu, Daron and Restrepo, Pascual},
  journal={American Economic Review},
  volume={108},
  number={6},
  pages={1488--1542},
  year={2018}
}

@inproceedings{AcemogluRestrepo2020,
  title={Unpacking skill bias: Automation and new tasks},
  author={Acemoglu, Daron and Restrepo, Pascual},
  booktitle={aea Papers and Proceedings},
  volume={110},
  pages={356--61},
  year={2020}
}


@article{Atkesonetal2019,
  title={Transitional Dynamics in Aggregate Models of Innovative Investment},
  author={Atkeson, Andrew and Burstein, Ariel T and Chatzikonstantinou, Manolis},
  journal={Annual Review of Economics},
  volume={11},
  pages={273--301},
  year={2019},
  publisher={Annual Reviews}
}

@article{Romer1990,
  title={Endogenous technological change},
  author={Romer, Paul M},
  journal={Journal of political Economy},
  volume={98},
  number={5, Part 2},
  pages={S71--S102},
  year={1990},
  publisher={The University of Chicago Press}
}


@techreport{SachsKotlikoff2012,
  title={Smart machines and long-term misery},
  author={Sachs, Jeffrey D and Kotlikoff, Laurence J},
  year={2012},
  institution={National Bureau of Economic Research}
}


@article{PrettnerStrulik2020,
  title={Innovation, automation, and inequality: Policy challenges in the race against the machine},
  author={Prettner, Klaus and Strulik, Holger},
  journal={Journal of Monetary Economics},
  volume={116},
  pages={249--265},
  year={2020},
  publisher={Elsevier}
}

% ========================================
%  Technology Adoption
% ========================================

@article{Kortum1997,
  title={Research, patenting, and technological change},
  author={Kortum, Samuel S},
  journal={Econometrica: Journal of the Econometric Society},
  pages={1389--1419},
  year={1997},
  publisher={JSTOR}
}

@article{Acemoglu1997,
  title={Technology, unemployment and efficiency},
  author={Acemoglu, Daron},
  journal={European Economic Review},
  volume={41},
  number={3-5},
  pages={525--533},
  year={1997},
  publisher={Elsevier}
}

@techreport{HallKhan2003,
  title={Adoption of new technology},
  author={Hall, Bronwyn H and Khan, Beethika},
  year={2003},
  institution={National bureau of economic research}
}

@article{Cominetal2006,
  title={Medium-term business cycles},
  author={Comin, Diego and Gertler, Mark},
  journal={American Economic Review},
  volume={96},
  number={3},
  pages={523--551},
  year={2006}
}

@article{AtkesonKehoe2007,
  title={Modeling the transition to a new economy: lessons from two technological revolutions},
  author={Atkeson, Andrew and Kehoe, Patrick J},
  journal={American Economic Review},
  volume={97},
  number={1},
  pages={64--88},
  year={2007}
}

@techreport{Acemogluetal2013,
  title={Innovation, reallocation and growth},
  author={Acemoglu, Daron and Akcigit, Ufuk and Alp, Harun and Bloom, Nicholas and Kerr, William R},
  year={2013},
  institution={National Bureau of Economic Research}
}

@incollection{Aghionetal2014,
  title={What do we learn from Schumpeterian growth theory?},
  author={Aghion, Philippe and Akcigit, Ufuk and Howitt, Peter},
  booktitle={Handbook of economic growth},
  volume={2},
  pages={515--563},
  year={2014},
  publisher={Elsevier}
}

@article{Konigetal2016,
  title={Innovation vs. imitation and the evolution of productivity distributions},
  author={K{\"o}nig, Michael D and Lorenz, Jan and Zilibotti, Fabrizio},
  journal={Theoretical Economics},
  volume={11},
  number={3},
  pages={1053--1102},
  year={2016},
  publisher={Wiley Online Library}
}

@techreport{Benhabibetal2017,
  title={Reconciling models of diffusion and innovation: a theory of the productivity distribution and technology frontier},
  author={Benhabib, Jess and Perla, Jesse and Tonetti, Christopher},
  year={2017},
  institution={National Bureau of Economic Research}
}

@techreport{Akcigitetal2018,
  title={Dancing with the stars: Innovation through interactions},
  author={Akcigit, Ufuk and Caicedo, Santiago and Miguelez, Ernest and Stantcheva, Stefanie and Sterzi, Valerio},
  year={2018},
  institution={National Bureau of Economic Research}
}


@article{Anzoateguietal2019,
  title={Endogenous technology adoption and R\&D as sources of business cycle persistence},
  author={Anzoategui, Diego and Comin, Diego and Gertler, Mark and Martinez, Joseba},
  journal={American Economic Journal: Macroeconomics},
  volume={11},
  number={3},
  pages={67--110},
  year={2019}
}

@article{Bloometal2020,
  title={Are ideas getting harder to find?},
  author={Bloom, Nicholas and Jones, Charles I and Van Reenen, John and Webb, Michael},
  journal={American Economic Review},
  volume={110},
  number={4},
  pages={1104--44},
  year={2020}
}

% ========================================
%  Labor market trend
% ========================================

@article{Violante2002,
  title={Technological acceleration, skill transferability, and the rise in residual inequality},
  author={Violante, Giovanni L},
  journal={The Quarterly Journal of Economics},
  volume={117},
  number={1},
  pages={297--338},
  year={2002},
  publisher={MIT Press}
}

@incollection{AcemogluAutor2011,
  title={Skills, tasks and technologies: Implications for employment and earnings},
  author={Acemoglu, Daron and Autor, David},
  booktitle={Handbook of labor economics},
  volume={4},
  pages={1043--1171},
  year={2011},
  publisher={Elsevier}
}

@article{BaranyZsofia2018,
  title={Job polarization and structural change},
  author={B{\'a}r{\'a}ny, Zs{\'o}fia L and Siegel, Christian},
  journal={American Economic Journal: Macroeconomics},
  volume={10},
  number={1},
  pages={57--89},
  year={2018}
}
@article{Akermanetal2015,
  title={The skill complementarity of broadband internet},
  author={Akerman, Anders and Gaarder, Ingvil and Mogstad, Magne},
  journal={The Quarterly Journal of Economics},
  volume={130},
  number={4},
  pages={1781--1824},
  year={2015},
  publisher={MIT Press}
}

% ========================================
%  Human Capital
% ========================================

@article{Schultz2003,
  title={Human capital, schooling and health},
  author={Schultz, T Paul},
  journal={Economics \& Human Biology},
  volume={1},
  number={2},
  pages={207--221},
  year={2003},
  publisher={Elsevier}
}

@article{AthreyaEberly2015,
  title={The college premium, college noncompletion, and human capital investment},
  author={Athreya, Kartik and Eberly, Janice C},
  journal={Federal Reserve Bank of Richmond Working Paper},
  number={13-02R},
  year={2015}
}

@article{Mincer1974,
  title={Schooling, Experience, and Earnings. Human Behavior \& Social Institutions No. 2.},
  author={Mincer, Jacob},
  year={1974},
  publisher={ERIC}
}

@article{Kalemli-Ozcanetal2000,
  title={Mortality decline, human capital investment, and economic growth},
  author={Kalemli-Ozcan, Sebnem and Ryder, Harl E and Weil, David N},
  journal={Journal of development economics},
  volume={62},
  number={1},
  pages={1--23},
  year={2000},
  publisher={Elsevier}
}


@article{GalorMoav2004,
  title={From physical to human capital accumulation: Inequality and the process of development},
  author={Galor, Oded and Moav, Omer},
  journal={The Review of Economic Studies},
  volume={71},
  number={4},
  pages={1001--1026},
  year={2004},
  publisher={Wiley-Blackwell}
}

@article{Imaietal2004,
  title={Intertemporal labor supply and human capital accumulation},
  author={Imai, Susumu and Keane, Michael P},
  journal={International Economic Review},
  volume={45},
  number={2},
  pages={601--641},
  year={2004},
  publisher={Wiley Online Library}
}

@article{Thompson2010,
  title={Learning by doing},
  author={Thompson, Peter},
  journal={Handbook of the Economics of Innovation},
  volume={1},
  pages={429--476},
  year={2010},
  publisher={Elsevier}
}

@article{Frazis2007,
  title={On-the-job-training},
  author={Frazis, Harley and Loewenstein, Mark A and others},
  journal={Foundations and Trends{\textregistered} in Microeconomics},
  volume={2},
  number={5},
  pages={363--440},
  year={2007},
  publisher={Now Publishers, Inc.}
}

@article{BohacekKapicka2008,
  title={Optimal human capital policies},
  author={Bohacek, Radim and Kapicka, Marek},
  journal={Journal of Monetary Economics},
  volume={55},
  number={1},
  pages={1--16},
  year={2008},
  publisher={Elsevier}
}

@article{GorlichDeGrip2008,
  title={Human capital depreciation during hometime},
  author={G{\"o}rlich, Dennis and De Grip, Andries},
  journal={Oxford Economic Papers},
  volume={61},
  number={suppl\_1},
  pages={i98--i121},
  year={2008},
  publisher={Oxford University Press}
}

@article{Burdettetal2011,
  title={Human capital accumulation and labor market equilibrium},
  author={Burdett, Kenneth and Carrillo-Tudela, Carlos and Coles, Melvyn G},
  journal={International Economic Review},
  volume={52},
  number={3},
  pages={657--677},
  year={2011},
  publisher={Wiley Online Library}
}

@article{KapickaNeira2013,
  title={Optimal taxation in a life-cycle economy with endogenous human capital formation},
  author={Kapicka, Marek and Neira, Julian},
  journal={University of California, Santa Barbara WP},
  year={2013}
}

@article{Weber2014,
  title={Human capital depreciation and education level},
  author={Weber, Sylvain},
  journal={International Journal of Manpower},
  volume={35},
  number={5},
  pages={613--642},
  year={2014},
  publisher={Emerald Group Publishing Limited}
}

@techreport{Stantcheva2015,
  title={Learning and (or) doing: Human capital investments and optimal taxation},
  author={Stantcheva, Stefanie},
  year={2015},
  institution={National Bureau of Economic Research}
}

@article{Stantcheva2017,
  title={Optimal taxation and human capital policies over the life cycle},
  author={Stantcheva, Stefanie},
  journal={Journal of Political Economy},
  volume={125},
  number={6},
  pages={1931--1990},
  year={2017},
  publisher={University of Chicago Press Chicago, IL}
}

@article{Grossmanetal2021,
  title={Endogenous education and long-run factor shares},
  author={Grossman, Gene M and Helpman, Elhanan and Oberfield, Ezra and Sampson, Thomas},
  journal={American Economic Review: Insights},
  volume={3},
  number={2},
  pages={215--32},
  year={2021}
}

% ========================================
%  Technology Adoption and Human Capital
% ========================================

@misc{Beaudryetal2006,
  title={Endogenous skill bias in technology adoption: City-level evidence from the IT revolution},
  author={Beaudry, Paul and Doms, Mark E and Lewis, Ethan G},
  year={2006},
  publisher={National Bureau of Economic Research Cambridge, Mass., USA}
}

@article{Michelaccietal2007,
  title={Technology shocks and job flows},
  author={Michelacci, Claudio and Lopez-Salido, David},
  journal={The Review of Economic Studies},
  volume={74},
  number={4},
  pages={1195--1227},
  year={2007},
  publisher={Wiley-Blackwell}
}

@techreport{Adaoetal2020,
  title={Technological Transitions with Skill Heterogeneity Across Generations},
  author={Ad{\~a}o, Rodrigo and Beraja, Martin and Pandalai-Nayar, Nitya},
  year={2020},
  institution={National Bureau of Economic Research}
}





% ========================================
% Growth
% ========================================

@article{Redding1996,
  title={The low-skill, low-quality trap: Strategic complementarities between human capital and R \& D},
  author={Redding, Stephen},
  journal={The Economic Journal},
  volume={106},
  number={435},
  pages={458--470},
  year={1996},
  publisher={Oxford University Press Oxford, UK}
}


@article{Acemoglu1998,
  title={Why do new technologies complement skills? Directed technical change and wage inequality},
  author={Acemoglu, Daron},
  journal={The Quarterly Journal of Economics},
  volume={113},
  number={4},
  pages={1055--1089},
  year={1998},
  publisher={MIT Press}
}

@article{Kruselletal2000,
  title={Capital-skill complementarity and inequality: A macroeconomic analysis},
  author={Krusell, Per and Ohanian, Lee E and R{\'\i}os-Rull, Jos{\'e}-V{\'\i}ctor and Violante, Giovanni L},
  journal={Econometrica},
  volume={68},
  number={5},
  pages={1029--1053},
  year={2000},
  publisher={Wiley Online Library}
}

@article{Lloyd-EllisRoberts2002,
  title={Twin engines of growth: skills and technology as equal partners in balanced growth},
  author={Lloyd-Ellis, Huw and Roberts, Joanne},
  journal={Journal of Economic Growth},
  volume={7},
  number={2},
  pages={87--115},
  year={2002},
  publisher={Springer}
}


@article{CominHobijn2010,
  title={An exploration of technology diffusion},
  author={Comin, Diego and Hobijn, Bart},
  journal={American Economic Review},
  volume={100},
  number={5},
  pages={2031--59},
  year={2010}
}
@article{Luttmer2012,
  title={Technology diffusion and growth},
  author={Luttmer, Erzo GJ},
  journal={Journal of Economic Theory},
  volume={147},
  number={2},
  pages={602--622},
  year={2012},
  publisher={Elsevier}
}

@article{PerlaTonetti2014,
  title={Equilibrium imitation and growth},
  author={Perla, Jesse and Tonetti, Christopher},
  journal={Journal of Political Economy},
  volume={122},
  number={1},
  pages={52--76},
  year={2014},
  publisher={University of Chicago Press Chicago, IL}
}

@inproceedings{Stokey2014,
  title={The Race Between Technology and Human Capital},
  author={Stokey, Nancy L and others},
  booktitle={2014 Meeting Papers},
  year={2014},
  organization={Society for Economic Dynamics}
}

@book{Luttmer2015,
  title={Four models of knowledge diffusion and growth},
  author={Luttmer, Erzo GJ and others},
  year={2015},
  publisher={Federal Reserve Bank of Minneapolis, Research Department}
}

@article{AcemogluRestrepo2018b,
  title={Low-skill and high-skill automation},
  author={Acemoglu, Daron and Restrepo, Pascual},
  journal={Journal of Human Capital},
  volume={12},
  number={2},
  pages={204--232},
  year={2018},
  publisher={University of Chicago Press Chicago, IL}
}

@article{Stokey2020,
  title={Technology and skill: Twin engines of growth},
  author={Stokey, Nancy L},
  journal={Review of Economic Dynamics},
  year={2020},
  publisher={Elsevier}
}


@article{BeaudryVanWincoop1996,
  title={The intertemporal elasticity of substitution: An exploration using a US panel of state data},
  author={Beaudry, Paul and Van Wincoop, Eric},
  journal={Economica},
  pages={495--512},
  year={1996},
  publisher={JSTOR}
}